<?xml version="1.0" encoding="UTF-8"?><collection xmlns="http://www.loc.gov/MARC21/slim"><record><leader>00408nam--2200169-u-4500</leader><controlfield tag="001">000052081</controlfield><controlfield tag="002">20161230</controlfield><controlfield tag="005">20161230201049</controlfield><controlfield tag="008">090618s1000------------r-----000-0-eng-d</controlfield><datafield ind1=" " ind2=" " tag="040"><subfield code="a">IFIN-HH</subfield></datafield><datafield ind1=" " ind2=" " tag="080"><subfield code="a">518.42</subfield></datafield><datafield ind1="1" ind2=" " tag="100"><subfield code="a">Peltier,Jean</subfield></datafield><datafield ind1="1" ind2=" " tag="245"><subfield code="a">Resolution Numerique des Equations Algebriques</subfield></datafield><datafield ind1=" " ind2=" " tag="260"><subfield code="a">Paris</subfield><subfield code="c">1957</subfield></datafield><datafield ind1=" " ind2=" " tag="490"><subfield code="v">vol.III</subfield></datafield><datafield ind1=" " ind2=" " tag="852"><subfield code="a">12700</subfield><subfield code="c">518.12</subfield></datafield><datafield ind1=" " ind2=" " tag="CAT"><subfield code="a">Sys</subfield><subfield code="c">20090618</subfield><subfield code="h">101630</subfield></datafield></record></collection>